@misc{openglove-info-page,
title={OpenGlove Haptics Easy to Develop},
author={InTeracTion},
year={2018},
Howpublished ={Recuperado de http://www.openglove.org/ Revisado el 10 de Marzo de 2018}
}

@misc{gloveone-info-page,
title={GloveOne},
author={Neurodigital},
year={2018},
Howpublished ={Recuperado de https://www.neurodigital.es/gloveone/ el 10 de Marzo de 2018}
}

@misc{avatarvr-info-page,
title={AvatarVR},
author={Neurodigital},
year={2018},
Howpublished ={Recuperado de https://www.neurodigital.es/avatarvr/ el 10 de Marzo de 2018}
}

@misc{dexmo-info-page,
title={Dexmo},
author={DextaRobotics},
year={2018},
Howpublished ={Recuperado de http://www.dextarobotics.com/ el 10 de Marzo de 2018}
}

@misc{manusvr-info-page,
title={Manus VR},
author={ManusVR},
year={2018},
Howpublished ={Recuperado de http://www.dextarobotics.com/ el 10 de Marzo de 2018}
}

https://manus-vr.com/order.php

@misc{profesor-guia,
title={Académico Departamento Ingeniería Informática USACH},
author={Roberto González},
year={2017},
Howpublished ={Recuperado de http://www.informatica.usach.cl/academico/roberto-gonzalez/ Revisado el 22 de Septiembre de 2017}
}

@misc{tesis-monsalve-rodrigo,
title = {Dispositivo de retroalimentación táctil para interfaces naturaltes y de ralidad virtual},
author = {Monsalve, Rodrigo Andrés},
year = {2016}
}

@misc{tesis-meneses-sebastian,
title = {OpenGlove SDK: APis de alto nivel para C\#, C++ Java y JavaScript},
author ={Meneses, Sebastián Andrés},
year = {2016}
}

@misc{tesis-cerda-rodrigo,
title = {Extensión de  OpenGlove a nivel de hardware y software para la captura del movimiento de la mano},
author = {Cerda, Rodrigo Andrés},
year = {2017}
}




@misc{techopedia-SDK,
title={Software Development kit (SDK)},
author={Techopedia},
year={2017},
Howpublished ={Recuperado de https://www.techopedia.com/definition/3878/software-development-kit-sdk Revisado el 19 de Octubre de 2017}
}

@misc{gartner-group-SDK,
title={IT glossary: SDK},
author={Gartner},
year={2017},
Howpublished ={Recuperado de https://www.gartner.com/it-glossary/?s=SDK Revisado el 19 de Octubre de 2017}
}

@misc{gartner-group-haptics,
title={IT glossary: Haptics},
author={Gartner},
year={2017},
Howpublished ={Recuperado de https://www.gartner.com/it-glossary/haptics Revisado el 19 de Octubre de 2017}
}

@misc{gartner-group-VR,
title={IT glossary: Virtual Reality (VR)},
author={Gartner},
year={2017},
Howpublished ={Recuperado de https://www.gartner.com/it-glossary/vr-virtual-reality/ Revisado el 19 de Octubre de 2017}
}

@misc{gartner-group-AR,
title={IT glossary: Augmented Reality (AR)},
author={Gartner},
year={2017},
Howpublished ={Recuperado de https://www.gartner.com/it-glossary/augmented-reality-ar/ Revisado el 19 de Octubre de 2017}
}

@misc{microsoft-MR,
title={Mixed reality},
author={Microsoft},
year={2017},
Howpublished ={https://developer.microsoft.com/en-us/windows/mixed-reality/mixed\_reality Revisado el 26 de Noviembre de 2017}
}


@misc{taxonomia-MR,
title={A TAXONOMY OF MIXED REALITY VISUAL DISPLAYS},
author={ Paul Milgram, Fumio Kishino },
year={1994},
Howpublished ={Recuperado de http://etclab.mie.utoronto.ca/people/paul\_dir/IEICE94/ieice.html Revisado el 26 de Noviembre de 2017}
}


@misc{gartner-group-wearables,
title={The Present and Future of Wearables},
author={Gartner},
year={2017},
Howpublished ={https://www.gartner.com/smarterwithgartner/the-present-and-future-of-wearables/}
}

@misc{soldamatic,
title={Six Augmented Reality Stats That Will Amaze You},
author={Soldamatic},
year={2017},
Howpublished ={Recuperado de http://www.soldamatic.com/en/6-augmented-reality-stats-will-amaze/ Revisado el 20 de Octubre de 2017}
}

@misc{statista-VR-AR,
title={Virtual Reality (VR) - Statistics and Facts},
author={Statista},
year={2016},
Howpublished ={Recuperado de https://www.statista.com/topics/2532/virtual-reality-vr/ Revisado el 20 de Octubre de 2017}
}
@misc{statista-SO-mobile,
title={Global mobile OS market share in sales to end users from 1st quarter 2009 to 1st quarter 2017},
author={Statista},
year={2017},
Howpublished ={Recuperado de https://www.statista.com/statistics/266136/global-market-share-held-by-smartphone-operating-systems/ Revisado el 20 de Octubre de 2017}
}

@misc{nngroup-ux,
title={The Definition of User Experience (UX)},
author={Don Norman and Jakob Nielsen},
year={2017},
Howpublished ={Recuperado de https://www.nngroup.com/articles/definition-user-experience/ Revisado el 21 de Octubre de 2017}
}

@misc{techtarget-API,
title={application program interface (API)},
author={Margaret Rouse},
year={2017},
Howpublished ={Recuperado de http://searchmicroservices.techtarget.com/definition/application-program-interface-API Revisado el 21 de Octubre de 2017}
}

@misc{actuadores,
title={Actuadores},
author={Aie},
year={2017},
Howpublished ={Recuperado de http://www.aie.cl/files/file/comites/ca/abc/actuadores.pdf
 Revisado el 23 de Octubre de 2017}
}

@misc{actuadores2,
title={Actuadores},
author={Aie},
year={2017},
Howpublished ={Recuperado de 
http://www.goodagile.com/scrumprimer/scrumprimer_es.pdf
 Revisado el 23 de Octubre de 2017}
}

@misc{xamarin-share-code,
title={Introduction to Xamarin Forms Custom Renderers},
author={Udara Alwis},
year={2017},
Howpublished ={Recuperado de 
https://academy.realm.io/posts/introduction-to-xamarin-forms-custom-renderers/ Revisado el 28 de Noviembre de 2017}
}



@article{scrum-training-institute,
  title={Información básica de SCRUM (the SCRUM primer)},
  author={Pete Deemer, Gabrielle Benefield, Craig Larman},
  year={2009},
  publisher={California}
} 

@book{Martin:1991:RAD:103275,
 author = {Martin, James},
 title = {Rapid Application Development},
 year = {1991},
 isbn = {0-02-376775-8},
 publisher = {Macmillan Publishing Co., Inc.},
 address = {Indianapolis, IN, USA}
} 

@misc{latencia,
title={Latencia Informática},
author={Ecured},
year={2017},
Howpublished ={Recuperado de 
https://www.ecured.cu/Latencia\_informática Revisado el 28 de Noviembre de 2017}
}

@misc{flexor-sensor-01,
title={Sensor flex},
author={Rambal},
year={2018},
Howpublished ={Recuperado de http://rambal.com/presion-peso-nivel-liquido/250-sensor-flex.html Revisado el 23 de Abril de 2018}
}


@misc{IMU-sensor-01,
title={Sensor de rastreo IMU},
author={Technaid},
year={2018},
Howpublished ={Recuperado de http://www.technaid.com/support/research/imu-working-principles/ Revisado el 22 de Abril de 2018}
}

@misc{cloud-definition,
title={What Is 'The Cloud' In Cloud Computing?},
author={Elise Moreau},
year={2018},
Howpublished ={Recuperado de https://www.lifewire.com/what-is-the-cloud-in-computing-3486259 Revisado el 28 de Abril de 2018}
}


@misc{open-source,
title={Open source (Código abierto)},
author={Ticportal},
year={2018},
Howpublished ={Recuperado de https://www.ticportal.es/glosario-tic/open-source-codigo-abierto Revisado el 28 de Abril de 2018}
}


@misc{websocket-html5,
title={About HTML5 websocket},
author={Websocket.org},
year={2018},
Howpublished ={Recuperado de http://websocket.org/aboutwebsocket.html Revisado el 5 de Junio de 2018}
}


@misc{websocket-wikipedia,
title={Websocket},
author={},
year={2018},
Howpublished ={Recuperado de http://websocket.org/aboutwebsocket.html Revisado el 5 de Junio de 2018}
}


@misc{requisitos-software-ieee,
title={Especificación de requisitos según el estándar de la IEEE 830 - 1998},
author={Gonzalo Méndez},
year={2008},
Howpublished ={Recuperado de https://www.fdi.ucm.es/profesor/gmendez/docs/is0809/ieee830.pdf Revisado el 20 de Junio de 2018}
}


@misc{requisitos-o-requerimientos,
title={¿Requisitos o Requerimientos?},
author={Jorge Benjamín Pagani},
year={2013},
Howpublished ={Recuperado de http://investigacionit.com.ar/es/requisitos-o-requerimientos/ Revisado el 20 de Junio de 2018}
}
















@article{Codishetal2000,
  author = "M. Codish and K. Marriott and C.K. Taboch",
  title = "Improving program analyses by structure untupling",
  journal = "Journal of Logic Programming",
  volume = "43",
  issue = "3",
  pages = "251--263",
  year = 2000
}

@article{MeriaudeauS15,
  author    = {Fabrice M{\'{e}}riaudeau and
               Amir Malik Saeed},
  title     = {Special Section Guest Editorial: Special Section on Quality Control
               by Artificial Vision: Nonconventional Imaging Systems},
  journal   = {J. Electronic Imaging},
  volume    = {24},
  number    = {6},
  pages     = {061101},
  year      = {2015}
}

@misc{delgado2016exposicion,
  author = {Felipe Delgado},
  title = {\textit{Piñera es el presidenciable con más exposición en la prensa según investigación Usach }},
  year = {2016},
  howpublished = {Recuperado el Martes 29 de Julio de 2016, de \url{http://www.biobiochile.cl/noticias/nacional/politica/2016/06/20/pinera-es-el-presidenciable-con-mas-exposicion-en-la-prensa-segun-investigacion} \url{-usach.shtml}}
}













@article{lenhart2001internet,
  title={The Internet and Education: Findings of the Pew Internet \& American Life Project.},
  author={Lenhart, Amanda and Simon, Maya and Graziano, Mike},
  year={2001},
  publisher={ERIC}
}

@misc{conicyt,
author = {CONICYT},
title = {Listado proyectos seleccionados Concurso AKA-CONICYT Edu2 2015},
year = {2015},
howpublished = {Accedido en 22-10-2017 desde http://www.conicyt.cl/pci/files/2015/05/AKA-EDU-2-proyectos-adjudicados.pdf},
urldate = {22-10-2017}
}

@inproceedings{odijk2015struggling,
  title={Struggling and success in web search},
  author={Odijk, Daan and White, Ryen W and Hassan Awadallah, Ahmed and Dumais, Susan T},
  booktitle={Proceedings of the 24th ACM International on Conference on Information and Knowledge Management},
  pages={1551--1560},
  year={2015},
  organization={ACM}
}

@incollection{silva2017educational,
  title={Educational Data Mining: A Literature Review},
  author={Silva, Carla and Fonseca, Jos{\'e}},
  booktitle={Europe and MENA Cooperation Advances in Information and Communication Technologies},
  pages={87--94},
  year={2017},
  publisher={Springer}
}